
@Article{swirszcz,
Title                    = {{Monadic functors and convexity}},
Author                   = {{\'S}wirszcz, Tadeusz},
Journal                  = {Bull. Acad. Polon. Sci. S{\'e}r. Sci. Math. Astronom. Phys.},
Year                     = {1974},
Volume                   = {22}
}

@book{conesduality,
author = {Aliprantis, Charalambos D. and Tourky, Rabee},
title = {Cones and duality},
series = {Graduate Studies in Mathematics},
volume = {84},
publisher = {American Mathematical Society, Providence, RI},
year = {2007},
}
